@techreport{cit01,
  author      = {},
  institution = {INEGI},
  title       = {En la Ciudad de México somos 9 209 944 habitantes: Censo de población y viviendo 2020},
  year        = {2021},
  type        = {Comunicado de prensa},
  number      = {98/21},
  address     = {Ciudad de México},
  url         = {https://www.inegi.org.mx/contenidos/saladeprensa/boletines/2021/EstSociodemo/ResultCenso2020_CdMx.pdf},
}

@article{cit02,
  author          = {J. Loza and L. L. Laurent and E. Laurent},
  journal         = {RILCO},
  number          = {2},
  title           = {El crecimiento anárquico de la región central de México. Consecuencias actuales y futuras.},
  volume          = {1},
  year            = {2019},
  url             = {https://www.eumed.net/rev/rilcoDS/02/crecimiento-anarquico-mexico.html }
}